<record xmlns="http://www.loc.gov/MARC21/slim" xmlns:xsi="http://www.w3.org/2001/XMLSchema-instance" xsi:schemaLocation="http://www.loc.gov/MARC21/slim http://www.loc.gov/standards/marcxml/schema/MARC21slim.xsd"><leader>     nam a22        4500</leader><controlfield tag="001">3040285</controlfield><controlfield tag="003">NNC</controlfield><controlfield tag="006">m        d        </controlfield><controlfield tag="007">cr cn |||m|||a</controlfield><controlfield tag="008">150313s1958    sy a    o     000 0 ara d</controlfield><datafield ind1=" " ind2=" " tag="040"><subfield code="a">NNU</subfield><subfield code="b">eng</subfield><subfield code="e">rda</subfield><subfield code="c">NNU</subfield></datafield><datafield ind1="0" ind2=" " tag="041"><subfield code="a">ara</subfield><subfield code="a">heb</subfield></datafield><datafield ind1="1" ind2=" " tag="100"><subfield code="a">Kama&#772;l, Ribh&#803;i&#772;.</subfield></datafield><datafield ind1="1" ind2="0" tag="245"><subfield code="6">880-01</subfield><subfield code="a">Duru&#772;s al-lughah al-&#699;ibri&#772;yah.</subfield><subfield code="b">She&#772;&#699;u&#772;re&#772; ha-s&#769;a&#772;fa ha&#772;-&#699;ibhri&#772;th.</subfield><subfield code="c">Ta&#700;li&#772;f Ribh&#803;i&#772; Kama&#772;l.</subfield></datafield><datafield ind1=" " ind2=" " tag="260"><subfield code="a">Dimashq,</subfield><subfield code="b">Mat&#803;ba&#699;at al-Ja&#772;mi&#699;ah al-Su&#772;ri&#772;yah,</subfield><subfield code="c">1378 h., 1958 m.</subfield></datafield><datafield ind1=" " ind2=" " tag="300"><subfield code="a">online resource (599 pages) :</subfield><subfield code="b">tables</subfield></datafield><datafield ind1=" " ind2=" " tag="336"><subfield code="a">text</subfield><subfield code="2">rdacontent</subfield></datafield><datafield ind1=" " ind2=" " tag="337"><subfield code="a">computer</subfield><subfield code="2">rdamedia</subfield></datafield><datafield ind1=" " ind2=" " tag="338"><subfield code="a">online resource</subfield><subfield code="2">rdacarrier</subfield></datafield><datafield ind1=" " ind2=" " tag="500"><subfield code="a">Part of the Arabic Collections Online (ACO) project, contributed by Columbia University Libraries.</subfield></datafield><datafield ind1=" " ind2=" " tag="533"><subfield code="a">Electronic reproduction.</subfield><subfield code="b">New York, N.Y. :</subfield><subfield code="c">New York University,</subfield><subfield code="d">2015.</subfield><subfield code="5">NNU</subfield></datafield><datafield ind1=" " ind2="0" tag="650"><subfield code="a">Hebrew language</subfield><subfield code="v">Textbooks for foreign speakers</subfield><subfield code="x">Arabic.</subfield></datafield><datafield ind1=" " ind2="0" tag="650"><subfield code="a">Hebrew language</subfield><subfield code="x">Grammar.</subfield></datafield><datafield ind1=" " ind2="7" tag="650"><subfield code="a">Hebrew language.</subfield><subfield code="2">fast</subfield><subfield code="0">(OCoLC)fst00954191</subfield></datafield><datafield ind1=" " ind2="7" tag="650"><subfield code="a">Hebrew language</subfield><subfield code="x">Grammar.</subfield><subfield code="2">fast</subfield><subfield code="0">(OCoLC)fst00954231</subfield></datafield><datafield ind1=" " ind2="7" tag="655"><subfield code="a">Textbooks</subfield><subfield code="v">for Arabic speakers.</subfield><subfield code="2">fast</subfield><subfield code="0">(OCoLC)fst01424247</subfield></datafield><datafield ind1="2" ind2=" " tag="710"><subfield code="a">Columbia University.</subfield><subfield code="b">Libraries.</subfield></datafield><datafield ind1="0" ind2=" " tag="730"><subfield code="a">Arabic Collections Online.</subfield></datafield><datafield ind1="0" ind2="8" tag="776"><subfield code="i">Print version:</subfield><subfield code="a">Kama&#772;l, Ribh&#803;i&#772;.</subfield><subfield code="t">Duru&#772;s al-lughah al-&#699;ibri&#772;yah</subfield><subfield code="w">(NNC)3040285</subfield><subfield code="w">(OCoLC)47234567</subfield></datafield><datafield ind1="4" ind2="0" tag="856"><subfield code="u">http://hdl.handle.net/2333.1/ffbg7cr3</subfield></datafield><datafield ind1="1" ind2="0" tag="880"><subfield code="6">245-01/r</subfield><subfield code="a">&#1513;&#1506;&#1493;&#1512;&#1497; &#1492;&#1513;&#1508;&#1492; &#1492;&#1506;&#1489;&#1512;&#1497;&#1514; = Duru&#772;s al-lughah al-&#699;ibri&#772;yah.</subfield></datafield><datafield ind1=" " ind2=" " tag="959"><subfield code="a">NNU</subfield><subfield code="b">WEB</subfield><subfield code="c">GENI</subfield><subfield code="t">0</subfield><subfield code="m">Electronic access</subfield><subfield code="s">01</subfield></datafield><datafield ind1=" " ind2=" " tag="999"><subfield code="i">NNC_3040285</subfield><subfield code="o">(OCoLC)ocm47234567 </subfield><subfield code="s">columbia_aco000517</subfield><subfield code="e">(ERROR-880)</subfield></datafield></record>